<?xml version="1.0" encoding="UTF-8"?>
<collection
  xmlns:xsi="http://www.w3.org/2001/XMLSchema-instance"
  xsi:schemaLocation="http://www.loc.gov/MARC21/slim http://www.loc.gov/standards/marcxml/schema/MARC21slim.xsd"
  xmlns="http://www.loc.gov/MARC21/slim">

<record>
  <leader>01434ckmaa2200385 a 4500</leader>
  <controlfield tag="001">3459876</controlfield>
  <controlfield tag="005">20100226102245.0</controlfield>
  <controlfield tag="008">870316n        xx ||| |||||||    k|eng d</controlfield>
  <datafield tag="035" ind1=" " ind2=" ">
    <subfield code="a">(OCoLC)81691418</subfield>
  </datafield>
  <datafield tag="035" ind1=" " ind2=" ">
    <subfield code="a">(OCoLC)ocm81691418</subfield>
  </datafield>
  <datafield tag="035" ind1=" " ind2=" ">
    <subfield code="a">(CStRLIN)NYDA87-F123</subfield>
  </datafield>
  <datafield tag="035" ind1=" " ind2=" ">
    <subfield code="9">AAA0347AD</subfield>
  </datafield>
  <datafield tag="035" ind1=" " ind2=" ">
    <subfield code="a">(NNC)3459876</subfield>
  </datafield>
  <datafield tag="040" ind1=" " ind2=" ">
    <subfield code="a">NNC</subfield>
    <subfield code="c">NNC</subfield>
    <subfield code="e">gihc</subfield>
  </datafield>
  <datafield tag="043" ind1=" " ind2=" ">
    <subfield code="a">n-us-ny</subfield>
  </datafield>
  <datafield tag="100" ind1="1" ind2=" ">
    <subfield code="a">Ferriss, Hugh,</subfield>
    <subfield code="d">1889-1962.</subfield>
  </datafield>
  <datafield tag="240" ind1="1" ind2="0">
    <subfield code="a">New York Times Building (New York, N.Y.)</subfield>
  </datafield>
  <datafield tag="245" ind1="1" ind2="0">
    <subfield code="a">Times Bldg.</subfield>
    <subfield code="h">[graphic]</subfield>
  </datafield>
  <datafield tag="260" ind1=" " ind2=" ">
    <subfield code="c">[undated]</subfield>
  </datafield>
  <datafield tag="300" ind1=" " ind2=" ">
    <subfield code="a">1 drawing :</subfield>
    <subfield code="b">charcoal on tracing paper ;</subfield>
    <subfield code="c">75.8 x 54.5 cm. (29 3/4 x 21 in.)</subfield>
  </datafield>
  <datafield tag="500" ind1=" " ind2=" ">
    <subfield code="a">Title inscribed on verso (lower right) in pencil.</subfield>
  </datafield>
  <datafield tag="500" ind1=" " ind2=" ">
    <subfield code="a">"Times Square" inscribed on verso (upper right) in graphite.</subfield>
  </datafield>
  <datafield tag="500" ind1=" " ind2=" ">
    <subfield code="a">Drawn in reverse.</subfield>
  </datafield>
  <datafield tag="580" ind1=" " ind2=" ">
    <subfield code="a">Forms part of the Hugh Ferriss architectural drawings and papers, Dept. of Drawings &amp; Archives, Avery Architectural and Fine Arts Library, Columbia University.</subfield>
  </datafield>
  <datafield tag="650" ind1=" " ind2="7">
    <subfield code="a">Newspaper buildings.</subfield>
    <subfield code="2">aat</subfield>
  </datafield>
  <datafield tag="655" ind1=" " ind2="7">
    <subfield code="a">Architectural drawings</subfield>
    <subfield code="x">American.</subfield>
    <subfield code="2">aat</subfield>
  </datafield>
  <datafield tag="655" ind1=" " ind2="7">
    <subfield code="a">Perspective drawings.</subfield>
    <subfield code="2">aat</subfield>
  </datafield>
  <datafield tag="651" ind1=" " ind2="0">
    <subfield code="a">New York (N.Y.)</subfield>
  </datafield>
  <datafield tag="651" ind1=" " ind2="0">
    <subfield code="a">Times Square (New York, N.Y.)</subfield>
  </datafield>
  <datafield tag="650" ind1=" " ind2="0">
    <subfield code="a">Architecture</subfield>
    <subfield code="z">United States</subfield>
    <subfield code="v">Designs and plans.</subfield>
  </datafield>
  <datafield tag="610" ind1="2" ind2="0">
    <subfield code="a">New York Times Builidng (New York, N.Y.)</subfield>
  </datafield>
  <datafield tag="755" ind1=" " ind2=" ">
    <subfield code="a">Charcoal drawings.</subfield>
    <subfield code="2">aat</subfield>
  </datafield>
  <datafield tag="799" ind1="4" ind2="3">
    <subfield code="a">The Hugh Ferriss collection.</subfield>
  </datafield>
  <datafield tag="789" ind1="0" ind2=" ">
    <subfield code="i">NYDA.1000.001.00127.</subfield>
  </datafield>
  <datafield tag="900" ind1=" " ind2=" ">
    <subfield code="a">AUTH</subfield>
  </datafield>
</record>

</collection>